Rayleigh critical
@article{Racrit,
author = "Reid, W. H. and Harris, D. L.",
title = "Some Further Results on the BÃ©nard Problem",
journal = "Physics of Fluids",
year = "1958",
volume = "1",
number = "2", 
eid = ,
pages = "102-110",
url = "http://scitation.aip.org/content/aip/journal/pof1/1/2/10.1063/1.1705871",
 doi = "http://dx.doi.org/10.1063/1.1705871" 
}
Expoenent
@ARTICLE{expo,
   author = {{Niemela}, J.~J. and {Sreenivasan}, K.~R.},
    title = "{Confined turbulent convection}",
  journal = {Journal of Fluid Mechanics},
     year = 2003,
    month = apr,
   volume = 481,
    pages = {355-384},
      doi = {10.1017/S0022112003004087},
   adsurl = {http://adsabs.harvard.edu/abs/2003JFM...481..355N},
  adsnote = {Provided by the SAO/NASA Astrophysics Data System}
}
