@ARTICLE{sparrow,
	   author = {{Sparrow}, C.~M.},
	   title = "{On Spectroscopic Resolving Power}",
	   journal = {The Astrophysical Journal},
	   year = 1916,
	   month = sep,
	   volume = 44,
           pages = {76}
}
@incollection{Born,
	booktitle = "Principles of Optics",
	publisher = "Pergamon",
	edition = "6th Edition",
	address = "",
	year = "1980",
	author = "M. Born, E. Wolf"
}
@book{beyer,
	author = "Beyer, H",
	title = "Handbuch der Mikroskopie",
	edition = "2nd Edition",
	publisher = "VEB Verlag Technik Berlin",
	year = "1985"}
@book{haken,
	author = "Haken and Wolf",
	title = "Molek√ºlphysik und Quantenchemie",
	year = "2006",
	publisher = "Springer",
	edition = "5th"
}
@article{hell,
	author = "Stefan W. Hell",
	year = "2007",
	title = "Nanoskopie mit fokussiertem Licht",
	journal = "Physik Journal 6"
}

@article{hell_exp,
    title = {Focal Spots of Size $\ensuremath{\lambda}/23$ Open Up Far-Field Florescence Microscopy at 33 nm Axial Resolution},
    author = {Dyba, Marcus and Hell, Stefan W.},
    journal = {Phys. Rev. Lett.},
    volume = {88},
    issue = {16},
    pages = {163901},
    numpages = {4},
    year = {2002},
    month = {Apr},
    publisher = {American Physical Society},
}


